@misc{mvc-pic,
  title = {Model-View-Controller image},
	howpublished = {\url{https://medium.com/datadriveninvestor/model-view-controller-mvc-75bcb0103d66}},
	year = "July 2021"
}

@misc{kafka-docs,
  title = {Kafka Documentation},
	howpublished = {\url{https://kafka.apache.org/documentation/#intro_guarantees}},
	year = "July 2021"
}

@misc{sing-docs,
  title = {Singularity Documentation},
	howpublished = {\url{https://github.com/HubSpot/Singularity/blob/master/Docs/about/how-it-works.md}},
	year = "July 2021"
}

@misc{blazar-docs,
  title = {Blazar Documentation},
	howpublished = {\url{https://github.com/HubSpot/Blazar-Archive}},
	year = "July 2021"
}
